%other reviews
@article{Cremonesi:2012av,
      author         = "Cremonesi, Oliviero",
      title          = "{Experimental searches of neutrinoless double beta
                        decay}",
      year           = "2012",
      eprint         = "1212.4885",
      archivePrefix  = "arXiv",
      primaryClass   = "nucl-ex",
      SLACcitation   = "%%CITATION = ARXIV:1212.4885;%%",
}
@article{Sarazin:2012ct,
      author         = "Sarazin, Xavier",
      title          = "{Review of double beta experiments}",
      year           = "2012",
      eprint         = "1210.7666",
      archivePrefix  = "arXiv",
      primaryClass   = "physics.ins-det",
      reportNumber   = "LAL-PUB-12-130",
      SLACcitation   = "%%CITATION = ARXIV:1210.7666;%%",
}

@article{Zuber:2006hv,
      author         = "Zuber, K.",
      title          = "{Neutrinoless double beta decay experiments}",
      journal        = "Acta Phys.Polon.",
      volume         = "B37",
      pages          = "1905-1921",
      year           = "2006",
      eprint         = "nucl-ex/0610007",
      archivePrefix  = "arXiv",
      primaryClass   = "nucl-ex",
      SLACcitation   = "%%CITATION = NUCL-EX/0610007;%%",
}

%%bayesian
@article{Bergstrom:2012nx,
      author         = "Bergstrom, Johannes",
      title          = "{Combining and comparing neutrinoless double beta decay
                        experiments using different nuclei}",
      year           = "2012",
      eprint         = "1212.4484",
      archivePrefix  = "arXiv",
      primaryClass   = "hep-ph",
      SLACcitation   = "%%CITATION = ARXIV:1212.4484;%%",
}
%%%cosmo
@article{Hou:2012xq,
      author         = "Hou, Z. and Reichardt, C.L. and Story, K.T. and Follin,
                        B. and Keisler, R. and others",
      title          = "{Constraints on Cosmology from the Cosmic Microwave
                        Background Power Spectrum of the 2500-square degree SPT-SZ
                        Survey}",
      year           = "2012",
      eprint         = "1212.6267",
      archivePrefix  = "arXiv",
      primaryClass   = "astro-ph.CO",
      SLACcitation   = "%%CITATION = ARXIV:1212.6267;%%",
}
%%%%%%%%%%%%%%%%%%%%%%%%%%%%%%%%%%%%%%%%%%%%%
Constraints on Cosmology from the Cosmic Microwave Background Power Spectrum of the 2500-square degree SPT-SZ Survey

Z. Hou,
%\cite{Nygren:2011zz}
\bibitem{Nygren:2011zz} 
  D.~Nygren,
  %``Can the 'intrinsic' energy resolution in xenon be surpassed?,''
  J.\ Phys.\ Conf.\ Ser.\  {\bf 309}, 012006 (2011).
  %%CITATION = 00462,309,012006;%%
%\cite{Nygren:2009zz}
\bibitem{Nygren:2009zz} 
  D.~Nygren,
  %``High-pressure xenon gas electroluminescent TPC for 0nu beta beta-decay search,''
  Nucl.\ Instrum.\ Meth.\ A {\bf 603}, 337 (2009).
  %%CITATION = NUIMA,A603,337;%%
  
%%%%%%%%%%%%%%%
%%% LEPTOGENESIS
@article{GonzalezGarcia:2012sz,
      author         = "Gonzalez-Garcia, M.C. and Maltoni, Michele and Salvado,
                        Jordi and Schwetz, Thomas",
      title          = "{Global fit to three neutrino mixing: critical look at
                        present precision}",
      year           = "2012",
      eprint         = "1209.3023",
      archivePrefix  = "arXiv",
      primaryClass   = "hep-ph",
      reportNumber   = "IFT-UAM-CSIC-12-88, YITP-SB-12-33",
      SLACcitation   = "%%CITATION = ARXIV:1209.3023;%%",
}


@article{Fukugita:1986hr,
      author         = "Fukugita, M. and Yanagida, T.",
      title          = "{Baryogenesis Without Grand Unification}",
      journal        = "Phys. Lett.",
      volume         = "B174",
      pages          = "45",
      doi            = "10.1016/0370-2693(86)91126-3",
      year           = "1986",
}

@article{Davidson:2008bu,
      author         = "Davidson, Sacha and Nardi, Enrico and Nir, Yosef",
      title          = "{Leptogenesis}",
      journal        = "Phys. Rept.",
      volume         = "466",
      pages          = "105-177",
      doi            = "10.1016/j.physrep.2008.06.002",
      year           = "2008",
      eprint         = "0802.2962",
      archivePrefix  = "arXiv",
      primaryClass   = "hep-ph",
}

%%%%%%%%%%%%%%%%%%%%%%%%%%%%%%%%%%%%%%%%%%%%%%%%%%%%%%%%%%%%
%%% SEE-SAW MECHANISM

@article{Minkowski:1977sc,
      author         = "Minkowski, Peter",
      title          = "$\mu \rightarrow e \gamma$ at a Rate of One Out of 1-Billion Muon
                        Decays?",
      journal        = "Phys. Lett.",
      volume         = "B67",
      pages          = "421",
      doi            = "10.1016/0370-2693(77)90435-X",
      year           = "1977",
}

@inproceedings{GellMann:1980vs,
      author         = "Gell-Mann, Murray and Ramond, Pierre and Slansky,
                        Richard",
      title          = "{Complex spinors and unified theories}",
      booktitle      = "Proceedings of the {Supergravity} Stony Brook Workshop
                        (New York, USA)",
      year           = "1979",
      publisher      = "edited by P.~van Nieuwenhuizen and D.~Z.~Freedman, 
                        North Holland Publ. Co."
}

@inproceedings{Yanagida:1979,
      author         = "Yanagida, T",
      title          = "Horizontal symmetry and masses of neutrinos",
      booktitle      = "{Proceedings of the Workshop on the Baryon Number 
                         of the Universe and Unified Theories (Tsukuba, Japan)}",
      year           = "1979",
      publisher      = "edited by O.~Sawada and A.~Sugamoto, KEK Report No. 79-18"
}

@article{Mohapatra:1979ia,
      author         = "Mohapatra, Rabindra N. and Senjanovic, Goran",
      title          = "{Neutrino Mass and Spontaneous Parity Violation}",
      journal        = "Phys. Rev. Lett.",
      volume         = "44",
      pages          = "912",
      doi            = "10.1103/PhysRevLett.44.912",
      year           = "1980",
}

@article{Schechter:1980gr,
      author         = "Schechter, J. and Valle, J.W.F.",
      title          = "{Neutrino Masses in SU(2)$\times$U(1) Theories}",
      journal        = "Phys.\ Rev.",
      volume         = "D22",
      pages          = "2227",
      doi            = "10.1103/PhysRevD.22.2227",
      year           = "1980",
      reportNumber   = "SU-4217-167, COO-3533-167",
      SLACcitation   = "%%CITATION = PHRVA,D22,2227;%%",
}

%%%%%%%%%%%%%%%%%%%%%%%%%%%%%%%%%%%%%%%%%%%%%%%%%%%%%%%%%%%%
%%% DOUBLE BETA DECAY

@article{Schechter:1981bd,
      author         = "Schechter, J. and Valle, J.W.F.",
      title          = "{Neutrinoless Double beta Decay in SU(2)$\times$U(1)
                        Theories}",
      journal        = "Phys. Rev.",
      volume         = "D25",
      pages          = "2951",
      doi            = "10.1103/PhysRevD.25.2951",
      year           = "1982",
}

@article{KlapdorKleingrothaus:2000sn,
      author         = "Klapdor-Kleingrothaus, H.V. and Dietz, A. and Baudis, L.
                        and Heusser, G. and Krivosheina, I.V. and others",
      title          = "{Latest results from the Heidelberg-Moscow double beta
                        decay experiment}",
      journal        = "Eur. Phys. J.",
      volume         = "A12",
      pages          = "147-154",
      doi            = "10.1007/s100500170022",
      year           = "2001",
      eprint         = "hep-ph/0103062",
      archivePrefix  = "arXiv",
      primaryClass   = "hep-ph",
}

@article{KlapdorKleingrothaus:2001ke,
      author         = "Klapdor-Kleingrothaus, H.V. and Dietz, A. and Harney,
                        H.L. and Krivosheina, I.V.",
      title          = "{Evidence for neutrinoless double beta decay}",
      journal        = "Mod. Phys. Lett.",
      volume         = "A16",
      pages          = "2409-2420",
      doi            = "10.1142/S0217732301005825",
      year           = "2001",
      eprint         = "hep-ph/0201231",
      archivePrefix  = "arXiv",
      primaryClass   = "hep-ph",
}

%% GOTTHARD %%
@article{Luscher:1998sd,
      author         = "Luscher, R. and others",
      collaboration  = "{Caltech-Neuch\^{a}tel-PSI}",
      title          = "{Search for $\beta\beta$ decay in Xe-136: New results from
                        the Gotthard experiment}",
      journal        = "Phys. Lett. B",
      volume         = "434",
      pages          = "407-414",
      doi            = "10.1016/S0370-2693(98)00906-X",
      year           = "1998",
      SLACcitation   = "%%CITATION = PHLTA,B434,407;%%",
}

@article{GomezCadenas:2010gs,
      author         = "Gomez-Cadenas, J. J. and Martin-Albo, J. and Sorel, M. and
                        Ferrario, P. and Monrabal, F. and others",
      title          = "{Sense and sensitivity of double beta decay experiments}",
      journal        = "JCAP",
      volume         = "1106",
      pages          = "007",
      doi            = "10.1088/1475-7516/2011/06/007",
      year           = "2011",
      eprint         = "1010.5112",
      archivePrefix  = "arXiv",
      primaryClass   = "hep-ex",
      SLACcitation   = "%%CITATION = ARXIV:1010.5112;%%",
}

@article{GomezCadenas:2011it,
      author         = "G\'omez-Cadenas, J. J. and Martin-Albo, J. and Mezzetto, M.
                        and Monrabal, F. and Sorel, M.",
      title          = "{The search for neutrinoless double beta decay}",
      journal        = "Riv.\ Nuovo Cim.",
      volume         = "35",
      pages          = "29-98",
      doi            = "10.1393/ncr/i2012-10074-9",
      year           = "2012",
      eprint         = "1109.5515",
      archivePrefix  = "arXiv",
      primaryClass   = "hep-ex",
      SLACcitation   = "%%CITATION = ARXIV:1109.5515;%%",
}

%% GERDA %%
@article{Cattadori:2012fy,
      author         = "Cattadori, Carla Maria",
      title          = "{GERDA status report: Results from commissioning}",
      journal        = "J.Phys.Conf.Ser.",
      volume         = "375",
      pages          = "042008",
      doi            = "10.1088/1742-6596/375/1/042008",
      year           = "2012",
      SLACcitation   = "%%CITATION = 00462,375,042008;%%",
}

@article{Agostini:2013mzu,
      author         = "Agostini, M. and others",
      title          = "{Results on Neutrinoless Double-$\beta$ Decay of
                        $^{76}$Ge from Phase I of the GERDA Experiment}",
      collaboration  = "GERDA Collaboration",
      journal        = "Phys.Rev.Lett.",
      number         = "12",
      volume         = "111",
      pages          = "122503",
      doi            = "10.1103/PhysRevLett.111.122503",
      year           = "2013",
      eprint         = "1307.4720",
      archivePrefix  = "arXiv",
      primaryClass   = "nucl-ex",
      SLACcitation   = "%%CITATION = ARXIV:1307.4720;%%",
}

@article{Wilkerson:2012ga,
      author         = "Wilkerson, J.F. and Aguayo, E. and Avignone, F.T. and
                        Back, H.O. and Barabash, A.S. and others",
      title          = "{The MAJORANA demonstrator: A search for neutrinoless
                        double-beta decay of germanium-76}",
      journal        = "J.Phys.Conf.Ser.",
      volume         = "375",
      pages          = "042010",
      doi            = "10.1088/1742-6596/375/1/042010",
      year           = "2012",
      SLACcitation   = "%%CITATION = 00462,375,042010;%%",
}

%% CUORE %%
@article{Gorla:2012gd,
      author         = "Gorla, P.",
      title          = "{The CUORE experiment: Status and prospects}",
      collaboration  = "CUORE",
      journal        = "J.Phys.Conf.Ser.",
      volume         = "375",
      pages          = "042013",
      doi            = "10.1088/1742-6596/375/1/042013",
      year           = "2012",
      SLACcitation   = "%%CITATION = 00462,375,042013;%%",
}

%% KamLANDZen %%
@article{KamLANDZen:2012aa,
      key            = "1085532",
      title          = "{Measurement of the double-$\beta$ decay half-life of
                        $^{136}$Xe with the KamLAND-Zen experiment}",
      collaboration  = "KamLAND-Zen",
      journal        = "Phys.Rev.",
      volume         = "C85",
      pages          = "045504",
      doi            = "10.1103/PhysRevC.85.045504",
      year           = "2012",
      eprint         = "1201.4664",
      archivePrefix  = "arXiv",
      primaryClass   = "hep-ex",
      SLACcitation   = "%%CITATION = ARXIV:1201.4664;%%",
}

@article{Gando:2012jr,
      author         = "Gando, A.",
      title          = "{First result from KamLAND-Zen : Double beta decay with
                        $^{136}Xe$}",
      collaboration  = "KamLAND-Zen Collaboration",
      year           = "2012",
      eprint         = "1205.6130",
      archivePrefix  = "arXiv",
      primaryClass   = "hep-ex",
      SLACcitation   = "%%CITATION = ARXIV:1205.6130;%%",
}
@article{Gando:2012zm,
      author         = "Gando, A. and others",
      title          = "{Limit on Neutrinoless $\beta\beta$ Decay of Xe-136 from
                        the First Phase of KamLAND-Zen and Comparison with the
                        Positive Claim in Ge-76}",
      collaboration  = "KamLAND-Zen Collaboration",
      year           = "2012",
      eprint         = "1211.3863",
      archivePrefix  = "arXiv",
      primaryClass   = "hep-ex",
      SLACcitation   = "%%CITATION = ARXIV:1211.3863;%%",
}

%% EXO %%
@article{Auger:2012gs,
      author         = "Auger, M. and Auty, D.J. and Barbeau, P.S. and Bartoszek,
                        L. and Baussan, E. and others",
      title          = "{The EXO-200 detector, part I: Detector design and
                        construction}",
      journal        = "JINST",
      volume         = "7",
      pages          = "P05010",
      doi            = "10.1088/1748-0221/7/05/P05010",
      year           = "2012",
      eprint         = "1202.2192",
      archivePrefix  = "arXiv",
      primaryClass   = "physics.ins-det",
      SLACcitation   = "%%CITATION = ARXIV:1202.2192;%%",
}

@article{Auger:2012ar,
      author         = "Auger, M. and others",
      title          = "{Search for Neutrinoless Double-Beta Decay in $^{136}$Xe
                        with EXO-200}",
      collaboration  = "EXO",
      journal        = "Phys.Rev.Lett.",
      volume         = "109",
      pages          = "032505",
      doi            = "10.1103/PhysRevLett.109.032505",
      year           = "2012",
      eprint         = "1205.5608",
      archivePrefix  = "arXiv",
      primaryClass   = "hep-ex",
      SLACcitation   = "%%CITATION = ARXIV:1205.5608;%%",
}

@article{Albert:2013gpz,
      author         = "Albert, J.B. and others",
      title          = "{An improved measurement of the 2\nu \beta \beta\
                        half-life of Xe-136 with EXO-200}",
      collaboration  = "EXO-200 Collaboration",
      journal        = "Phys.Rev.",
      volume         = "C89",
      pages          = "015502",
      doi            = "10.1103/PhysRevC.89.015502",
      year           = "2014",
      eprint         = "1306.6106",
      archivePrefix  = "arXiv",
      primaryClass   = "nucl-ex",
      SLACcitation   = "%%CITATION = ARXIV:1306.6106;%%",
}

@article{Albert:2014awa,
      author         = "Albert, J.B. and others",
      title          = "{Search for Majorana neutrinos with the first two years
                        of EXO-200 data}",
      collaboration  = "EXO-200 Collaboration",
      journal        = "Nature",
      volume         = "510",
      pages          = "229–234",
      doi            = "10.1038/nature13432",
      year           = "2014",
      eprint         = "1402.6956",
      archivePrefix  = "arXiv",
      primaryClass   = "nucl-ex",
      SLACcitation   = "%%CITATION = ARXIV:1402.6956;%%",
}

%%%%%%%%%%%%%%%%%%%%%%%%%%%%%%%%%%%%%%%%%%%%%%%%%%%%%%%%%%%%
%%% NEUTRINO OSCILLATIONS

@article{Fukuda:1998mi,
      author         = "Fukuda, Y. and others",
      title          = "{Evidence for oscillation of atmospheric neutrinos}",
      collaboration  = "Super-Kamiokande Collaboration",
      journal        = "Phys.Rev.Lett.",
      volume         = "81",
      pages          = "1562-1567",
      doi            = "10.1103/PhysRevLett.81.1562",
      year           = "1998",
      eprint         = "hep-ex/9807003",
      archivePrefix  = "arXiv",
      primaryClass   = "hep-ex",
      reportNumber   = "BU-98-17, ICRR-REPORT-422-98-18, UCI-98-8,
                        KEK-PREPRINT-98-95, LSU-HEPA-5-98, UMD-98-003, SBHEP-98-5,
                        TKU-PAP-98-06, TIT-HPE-98-09",
      SLACcitation   = "%%CITATION = HEP-EX/9807003;%%",
}

@article{GonzalezGarcia:2007ib,
      author         = "Gonzalez-Garcia, M.C. and Maltoni, Michele",
      title          = "{Phenomenology with Massive Neutrinos}",
      journal        = "Phys.\ Rept.",
      volume         = "460",
      pages          = "1-129",
      doi            = "10.1016/j.physrep.2007.12.004",
      year           = "2008",
      eprint         = "0704.1800",
      archivePrefix  = "arXiv",
      primaryClass   = "hep-ph",
      reportNumber   = "YITP-SB-07-14, UB-ECM-PF-07-08",
      SLACcitation   = "%%CITATION = ARXIV:0704.1800;%%",
}

@article{Beringer:1900zz,
      author         = "Beringer, J. and others",
      title          = "{Review of Particle Physics (RPP)}",
      collaboration  = "Particle Data Group",
      journal        = "Phys.\ Rev.",
      volume         = "D86",
      pages          = "010001",
      doi            = "10.1103/PhysRevD.86.010001",
      year           = "2012",
      SLACcitation   = "%%CITATION = PHRVA,D86,010001;%%",
}

%%%%%%%%%%%%%%%%%%%%%%%%%%%%%%%%%%%%%%%%%%%%%%%%%%%%%%%%%%%%
%%% NEXT

@article{Alvarez:2012haa,
      author         = "Alvarez, V. and others",
      title          = "{NEXT-100 Technical Design Report (TDR): Executive
                        Summary}",
      collaboration  = "NEXT",
      journal        = "JINST",
      volume         = "7",
      pages          = "T06001",
      doi            = "10.1088/1748-0221/7/06/T06001",
      year           = "2012",
      eprint         = "1202.0721",
      archivePrefix  = "arXiv",
      primaryClass   = "physics.ins-det",
      SLACcitation   = "%%CITATION = ARXIV:1202.0721;%%",
}

@article{Ferrario:2012,
      author        = "Ferrario, P.",
      collaboration = "NEXT",
      title         = "Results of the NEXT-DEMO prototype",
      year          = "2012",
      journal       = "JINST",
      note          = "Proceedings of iWoRID2012"
}

@article{Alvarez:2012as,
      author         = "Alvarez, V. and others",
      title          = "{Radiopurity control in the NEXT-100 double beta decay
                        experiment: procedures and initial measurements}",
      year           = "2012",
      eprint         = "1211.3961",
      archivePrefix  = "arXiv",
      primaryClass   = "physics.ins-det",
      SLACcitation   = "%%CITATION = ARXIV:1211.3961;%%",
}

@article{Alvarez:2012hh,
      author         = "Alvarez, V. and others",
      title          = "{Near-Intrinsic Energy Resolution for 30 to 662 keV Gamma
                        Rays in a High Pressure Xenon Electroluminescent TPC}",
      collaboration  = "NEXT Collaboration",
      year           = "2012",
      eprint         = "1211.4474",
      archivePrefix  = "arXiv",
      primaryClass   = "physics.ins-det",
      SLACcitation   = "%%CITATION = ARXIV:1211.4474;%%",
}

@article{Alvarez:2012nd,
      author         = "\'Alvarez, V. and others",
      title          = "{Initial results of NEXT-DEMO, a large-scale prototype of the NEXT-100 experiment}",
      collaboration  = "NEXT Collaboration",
      year           = "2012",
      eprint         = "1211.4838",
      archivePrefix  = "arXiv",
      primaryClass   = "physics.ins-det",
      SLACcitation   = "%%CITATION = ARXIV:1211.4474;%%",
}
	
@article{GomezCadenas:2012jv,
      author         = "G\'omez-Cadenas, J.J. and Mart\'in-Albo, J. and Monrabal, F.",
      title          = "{NEXT, high-pressure xenon gas experiments for ultimate
                        sensitivity to Majorana neutrinos}",
      year           = "2012",
      eprint         = "1210.0341",
      archivePrefix  = "arXiv",
      primaryClass   = "physics.ins-det",
      SLACcitation   = "%%CITATION = ARXIV:1210.0341;%%",
}

@article{Alvarez:2012hu,
      author         = "\'Alvarez, V. and others",
      title          = "{Ionization and scintillation response of high-pressure
                        xenon gas to alpha particles}",
      collaboration  = "NEXT Collaboration",
      year           = "2012",
      eprint         = "1211.4508",
      archivePrefix  = "arXiv",
      primaryClass   = "physics.ins-det",
      SLACcitation   = "%%CITATION = ARXIV:1211.4508;%%",
}
